<?xml version="1.0" encoding="UTF-8" ?>
<collection xmlns:xsi="http://www.w3.org/2001/XMLSchema-instance"
    xsi:schemaLocation="http://www.loc.gov/MARC21/slim
        http://www.loc.gov/standards/marcxml/schema/MARC21slim.xsd"
    xmlns="http://www.loc.gov/MARC21/slim">
<record>
  <leader>00227cam a2200421 i 4500</leader>
  <controlfield tag="001">b12358204</controlfield>
  <controlfield tag="003">LeBAU</controlfield>
  <controlfield tag="005">20130916</controlfield>
  <controlfield tag="008">970220s1903    ua            ||0 0 ara d</controlfield>
  <datafield tag="035" ind1=" " ind2=" ">
    <subfield code="a">ocn784251317</subfield>
  </datafield>
  <datafield tag="040" ind1=" " ind2=" ">
    <subfield code="a">LEAUB</subfield>
    <subfield code="b">ara</subfield>
    <subfield code="e">rda</subfield>
    <subfield code="c">LEAUB</subfield>
    <subfield code="d">LEAUB</subfield>
  </datafield>
  <datafield tag="082" ind1="0" ind2="4">
    <subfield code="a">189.3</subfield>
    <subfield code="2">22</subfield>
  </datafield>
  <datafield tag="130" ind1="0" ind2=" ">
    <subfield code="6">880-01</subfield>
    <subfield code="a">Tahāfut al-Falāsifah.</subfield>
  </datafield>
  <datafield tag="245" ind1="1" ind2="0">
    <subfield code="6">880-02</subfield>
    <subfield code="a">Hādhā sifr badī‘ jalīl wa-majmū‘ gharīb qalīl al-mathīl iḥtawʹa ʻalʹa thalāthat kutub min gharā’ib al-mu’allafāt al-ṣādirah ‘an fikrat ‘ulamā’ ajillah bālighīn a‘lá al-kamālāt, awwaluhā Tahāfut al-Falāsifah /</subfield>
    <subfield code="c">lil-Imām Ghazzālī al-mutawaffá sanat 505. wa-thānīhā  wa-thānīhā Tahāfut al-Falāsifah / li-Imām Ibn Rushd al-Andalusī al-Mālikī al-mutawaffá sanat 595 allafahu mu‘āriḍan lil-Imām al-Ghazzālī fī ba‘ḍ al-mabāḥith min al-kitāb al-mushār ilayh. wa-thālithuhā Tahāfut al-Falāsifah / lil-‘allāmah Khūjahzādah awḥad ‘ulamā’ al-Rūm fī ‘aṣrihi al-mutawaffá sanat 893.</subfield>
  </datafield>
  <datafield tag="264" ind1=" " ind2="1">
    <subfield code="6">880-03</subfield>
    <subfield code="a">Miṣr :</subfield>
    <subfield code="b">al-Maṭbaʻah al-‘Āmirah al-Sharafīyah,</subfield>
    <subfield code="c">1319 H., [1901? M.]</subfield>
  </datafield>
  <datafield tag="300" ind1=" " ind2=" ">
    <subfield code="6">880-04</subfield>
    <subfield code="a">91, 136 pages ;</subfield>
    <subfield code="c">28 cm</subfield>
  </datafield>
  <datafield tag="336" ind1=" " ind2=" ">
    <subfield code="a">text</subfield>
    <subfield code="b">txt</subfield>
    <subfield code="2">rdacontent</subfield>
  </datafield>
  <datafield tag="337" ind1=" " ind2=" ">
    <subfield code="a">unmediated</subfield>
    <subfield code="b">n</subfield>
    <subfield code="2">rdamedia</subfield>
  </datafield>
  <datafield tag="338" ind1=" " ind2=" ">
    <subfield code="a">volume</subfield>
    <subfield code="b">nc</subfield>
    <subfield code="2">rdacarrier</subfield>
  </datafield>
  <datafield tag="500" ind1=" " ind2=" ">
    <subfield code="a">عنوان الكتاب الثاني يجب أن يقرأ: تهافت التهافت / لإبن رشد.</subfield>
  </datafield>
  <datafield tag="500" ind1=" " ind2=" ">
    <subfield code="a">"وقد وضع الكتابان الأولان في صلب هذا المطبوع والثالث بهامشهما"</subfield>
  </datafield>
  <datafield tag="650" ind1=" " ind2="4">
    <subfield code="a">الفلسفة العربية</subfield>
    <subfield code="v">اعمال قديمة حتى 1800.</subfield>
  </datafield>
  <datafield tag="650" ind1=" " ind2="0">
    <subfield code="a">Philosophy, Arab</subfield>
    <subfield code="v">Early works to 1800.</subfield>
  </datafield>
  <datafield tag="700" ind1="1" ind2="2">
    <subfield code="6">880-05</subfield>
    <subfield code="a">Ghazālī, Abū Ḥāmid Muḥammad ibn Muḥammad,</subfield>
    <subfield code="d">1058-1111.</subfield>
    <subfield code="t">Tahāfut al-Falāsifah.</subfield>
  </datafield>
  <datafield tag="700" ind1="1" ind2="2">
    <subfield code="6">880-06</subfield>
    <subfield code="a">Ibn Rushd, Abu al-Walid Muhammad ibn Ahmad,</subfield>
    <subfield code="c">philosopher,</subfield>
    <subfield code="d">1126-1198.</subfield>
    <subfield code="t">Tahāfut al-Falāsifah.</subfield>
  </datafield>
  <datafield tag="700" ind1="1" ind2="2">
    <subfield code="6">880-07</subfield>
    <subfield code="a">Khūjah Zādah, Muṣliḥ al-Dīn Muṣṭafá ibn Yūsuf.</subfield>
    <subfield code="t">Tahāfut al-Falāsifah.</subfield>
  </datafield>
  <datafield tag="852" ind1=" " ind2=" ">
    <subfield code="a">Jafet Archives and Special Collections</subfield>
    <subfield code="e">American University of Beirut, Bliss Street, Beirut, ‎Lebanon.‎</subfield>
  </datafield>
  <datafield tag="880" ind1="0" ind2=" ">
    <subfield code="6">130-01/(3/r</subfield>
    <subfield code="a">تهافت الفلاسفة.</subfield>
  </datafield>
  <datafield tag="880" ind1="1" ind2="0">
    <subfield code="6">245-02/(3/r</subfield>
    <subfield code="a">هذا سفر بديع جليل ومجموع غريب قليل المثيل إحتوى على ثلاثة كتب من غرائب المؤلفات الصادرة عن فكرة علماء أجلة بالغين أعلى الكمالات، أولها تهافت الفلاسفة /</subfield>
    <subfield code="c">للإمام الغزالي المتوفى سنة 505. وثانيها تهافت الفلاسفة / للإمام إبن رشد الأندلسي المالكي المتوفى سنة 595 ألفه معارضاً للإمام الغزالي في بعض المباحث من الكتاب المشار إليه. وثالثها تهافت الفلاسفة / للعلامة خوجة زاده أوحد علماء الروم في عصره المتوفى سنة 893. </subfield>
  </datafield>
  <datafield tag="880" ind1=" " ind2="1">
    <subfield code="6">264-03/(3/r</subfield>
    <subfield code="a">مصر :</subfield>
    <subfield code="b">المطبعة العامرة الشرفية،</subfield>
    <subfield code="c">1321هـ.، [1903؟ م.]</subfield>
  </datafield>
  <datafield tag="880" ind1=" " ind2=" ">
    <subfield code="6">300-04/(3/r</subfield>
    <subfield code="a">91، 136 صفحة ؛</subfield>
    <subfield code="c">28 سم</subfield>
  </datafield>
  <datafield tag="880" ind1="1" ind2="2">
    <subfield code="6">700-05/(3/r</subfield>
    <subfield code="a">الغزالي، ابو حامد محمد بن محمد،</subfield>
    <subfield code="d">1058-1111.</subfield>
    <subfield code="t">تهافت الفلاسفة.</subfield>
  </datafield>
  <datafield tag="880" ind1="1" ind2="2">
    <subfield code="6">700-06/(3/r</subfield>
    <subfield code="a">ابن رشد، ابو الوليد محمد بن احمد،</subfield>
    <subfield code="c">الفيلسوف،</subfield>
    <subfield code="d">1126-1198.</subfield>
    <subfield code="t">تهافت التهافت.</subfield>
  </datafield>
  <datafield tag="880" ind1="1" ind2="2">
    <subfield code="6">700-07/(3/r</subfield>
    <subfield code="a">خوجه زاده، مصلح الدين مصطفى بن يوسف.</subfield>
    <subfield code="t">تهافت الفلاسفة.</subfield>
  </datafield>
  <datafield tag="907" ind1=" " ind2=" ">
    <subfield code="a">.b12358204</subfield>
    <subfield code="b">16-03-23</subfield>
    <subfield code="c">11-05-24</subfield>
  </datafield>
  <datafield tag="907" ind1=" " ind2=" ">
    <subfield code="a">.b12358204</subfield>
    <subfield code="b">11-10-11</subfield>
    <subfield code="c">11-05-24</subfield>
  </datafield>
  <datafield tag="945" ind1=" " ind2=" ">
    <subfield code="f">CA</subfield>
    <subfield code="a">189.3:G411taA:c.1</subfield>
    <subfield code="g">1</subfield>
    <subfield code="i">01007361</subfield>
    <subfield code="j">.i12805245</subfield>
    <subfield code="l">u0304</subfield>
  </datafield>
  <datafield tag="998" ind1=" " ind2=" ">
    <subfield code="a">u03</subfield>
    <subfield code="b">97-02-20</subfield>
    <subfield code="c">m</subfield>
    <subfield code="d">a</subfield>
    <subfield code="e">-</subfield>
    <subfield code="f">ara</subfield>
    <subfield code="g">ua </subfield>
    <subfield code="h">0</subfield>
    <subfield code="i">1</subfield>
  </datafield>
</record>
</collection>
